@book{everitt1961ingenieria,
  title={Ingenier{\'\i}a de comunicaciones},
  author={Everitt, William Littell and Anner, George E and Di Marco, Adolfo},
  year={1961},
  publisher={Arb{\'o}}
}
